%[1]. Garfinkel H., Ethnomethodology's Program-Working Out Durkheim's Aphorism, Rowman & Littlefield Publishers, 2002: 1-2, 6, 23.
@book{gar,
	author		={H. Garfinkel},
	year		={2002},
	title		={Ethnomethodology's Program-Working Out Durkheim's Aphorism},
	address		={Maryland},
	publisher	={Rowman and Littlefield Publishers},
}

%[2]. Gumperz, J.J. Discourse Strategies. Cambridge University Press, 1982: 161, 167.
@book{gum,
	author		={J. J. Gumperz},
	year		={1982},
	title		={Discourse Strategies},
	address		={Cambridge},
	publisher	={Cambridge University Press},
}

%[3]. Gumperz, J.J. On the Development of Interactional Sociolinguistics, 语言教学与研究, 2003（1）: 1-10。
@misc{gum2, 
    userf={cn},
    author	={J. J. Gumperz},  
    title	={On the Development of Interactional Sociolinguistics},
    year	={2003},
    journal	={语言教学与研究},
    number	={1},
    pages	={1--10},
}


%[4]. Gumperz, J.J. Interactional Sociolinguistics: A Personal Perspective. In D. Schiffrin , D . Tannen , & H .E. Hamilton (eds), The Handbook of Discourse Analysis. London: Blackwell Publishing Ltd, 2001: 215.
@inproceedings{gum3,
	author		={J. J. Gumperz},
	year		={2001},
	title		={Interactional Sociolinguistics: {A} Personal Perspective},
	booktitle	={The Handbook of Discourse Analysis},
	editor		={D. Schiffrin and D. Tannen and H. E. Hamilton},
	pages		={215--228},
	address		={London},
	publisher	={Blackwell Publishing},
}



%[5]. Gumperz, J.J. & N. Berenz. Transcribing Conversational Exchange. In J.A. Edwards & M.D. Lampert (eds.), Transcribing and Coding Method for Language Research. Hillsdale, NJ: Lawrence Erlbaum Associates Inc, 1993: 91-121.
@inproceedings{gum4,
	author		={J. J. Gumperz and N. Berenz.},
	year		={1993},
	title		={Transcribing Conversational Exchange},
	booktitle	={Transcribing and Coding Method for Language Research},
	editor		={J. A. Edwards and M. D. Lampert},
	pages		={91--121},
	address		={Hillsdale, NJ},
	publisher	={Lawrence Erlbaum Associates},
}



%[6]. Michael Lynch. Scientific Practice and Ordinary Action: Ethnomethodology and Social Studies of Science. Cambridge University Press, 1993: 24-25.
@book{lyn,
	author		={M. Lynch},
	year		={1993},
	title		={Scientific Practice and Ordinary Action: Ethnomethodology and Social Studies of Science},
	address		={Cambridge},
	publisher	={Cambridge University Press},
}


%[7]. Harvey Sacks. Note on Methodology. In J. Maxwell Alkinson & John Heritage (eds).，Structure of Social Action, Cambridge University Press, 1984: 26.
@inproceedings{sac,
	author		={Harvey Sacks},
	year		={1984},
	title		={Note on Methodology},
	booktitle	={Structure of Social Action},
	editor		={J. Maxwell Alkinson and John Heritage },
	pages		={21--27},
	address		={Cambridge},
	publisher	={Cambridge University Press},
}



%[8].麦耘 谭步云.实用广州话分类词典[M].广州：世界图书出版公司，2016：207。
@misc{mai, 
    userf={cn},
    author	={麦耘，谭步云},  
    year	={2016},
    journal	={实用广州话分类词典},
    address	={广州}, 
    publisher	={世界图书出版公司}, 
}


%[9].茉莉. 一盅两件——广式早茶[M].广州：广东教育出版社.2009：1-14。
@misc{mo, 
    userf={cn},
    author	={茉莉},  
    year	={2009},
    journal	={一盅两件——广式早茶},
    address	={广州},
    publisher	={广东教育出版社}, 
}

%[10].鞠实儿.论逻辑的文化相对性从民族志和历史学的观点看[J].中国社会科学，2010（1）：35-47。
@misc{ju, 
    userf={cn},
    author	={鞠实儿},  
    title	={论逻辑的文化相对性从民族志和历史学的观点看},
    year	={2010},
    journal	={中国社会科学},
    number	={1},
    pages	={35--47},
}

%[11].鞠实儿.“论证的语用学基础”，中山大学逻辑与认知所报告，2017年7月13日。
@misc{ju1, 
    userf={cn},
    author	={鞠实儿},  
    title	={论证的语用学基础},
    year	={2017},
    note	={7月13日，中山大学逻辑与认知所报告},
}


%[12].鞠实儿.走向田野的逻辑学，融合与修正：跨文化交流的逻辑与认知研究，鞠实儿、文学锋等著，教育部哲学社科重大课题攻关项目（No.10JZD0006）结项著作，2019（待出版）。
@misc{ju2, 
    userf={cn},
    author	={鞠实儿},  
    title	={走向田野的逻辑学},
    year	={2019},
    editor	={鞠实儿、文学锋等},
    journal	={融合与修正：跨文化交流的逻辑与认知研究},
    note 	={教育部哲学社科重大课题攻关项目（No.~10JZD0006）结项著作，待出版},
}

%[13].于国栋，李枫.会话分析：尊重语言事实的社会学研究方法[J].科学技术与辩证法，2009（4）：14-17。
@misc{yu, 
    userf={cn},
    author	={于国栋，李枫},  
    title	={会话分析：尊重语言事实的社会学研究方法},
    year	={2009},
    journal	={科学技术与辩证法},
    number	={4},
    pages	={14--17},
}




%[14].郑立华.交际与面子博弈——互动社会语言学研究[M].上海：上海外语教育出版社，2012：48-49，51。
@misc{zheng, 
    userf={cn},
    author	={郑立华},  
    year	={2012},
    journal	={交际与面子博弈——互动社会语言学研究},
    address	={上海},
    publisher	={上海外语教育出版社}, 
}


%[15].张励妍，倪列怀.港式广州话词典[M]，香港：万里书店出版，1999：93。
@misc{zhang, 
    userf={cn},
    author	={张励妍，倪列怀},  
    year	={1999},
    journal	={港式广州话词典},
    address	={香港},
    publisher	={万里书店出版}, 
}

